<?xml version="1.0" encoding="UTF-8"?><collection xmlns="http://www.loc.gov/MARC21/slim"><record><leader>00544nam--2200133-i-4500</leader><controlfield tag="001">000044628</controlfield><controlfield tag="002">20161230</controlfield><controlfield tag="005">20161230201044</controlfield><controlfield tag="008">060222s1000------------r-----000-0-eng-d</controlfield><datafield ind1=" " ind2=" " tag="080"><subfield code="a">015:535.33:612.8:539.196.5</subfield></datafield><datafield ind1=" " ind2=" " tag="100"><subfield code="a">Thiery, Corinne</subfield></datafield><datafield ind1=" " ind2=" " tag="245"><subfield code="a">Etude spectroscopique des etats excites de composes neuroleptiques. effets intramoleculaires. article principal recouvrant en partie la these presentee pour l`obtention du grad de docteur en sciences physiques a l`univ.de paris vi</subfield></datafield><datafield ind1=" " ind2=" " tag="260"><subfield code="a">Paris, Univ.De Paris Vi, 1972, 25p</subfield></datafield><datafield ind1=" " ind2=" " tag="852"><subfield code="a">38251</subfield></datafield></record></collection>